@data{c447c1b3-478e-436c-a180-090bff4a3cd1,
  doi = {10.6084/m9.figshare.104539},
  url = {http://dx.doi.org/10.6084/m9.figshare.104539},
  author = {Lorena A. Barba;},
  publisher = {Figshare},
  title = {{Reproducibility PI Manifesto}},
  year = {2012},
}


@data{barba2012,
  doi = {10.6084/m9.figshare.104539},
  url = {http://dx.doi.org/10.6084/m9.figshare.104539},
  author = {Lorena A. Barba},
  publisher = {Figshare},
  title = {{Reproducibility PI Manifesto}},
  year = {2012},
}


@article{krishnanetal2014,
  doi = {10.1063/1.4866444},
  url = {http://dx.doi.org/10.1063/1.4866444},
  year = {2014},
  month = {mar},
  publisher = {{AIP} Publishing},
  volume = {26},
  number = {3},
  pages = {031901},
  author = {Anush Krishnan and John J. Socha and Pavlos P. Vlachos and L. A. Barba},
  title = {{Lift and wakes of flying snakes}},
  journal = {Physics of Fluids},
}


@data{krishnanetal2013,
  doi = {10.6084/m9.figshare.705883.v2},
  url = {http://dx.doi.org/10.6084/m9.figshare.705883.v2},
  author = {Anush Krishnan; John J. Socha; Pavlos P. Vlachos; Lorena A. Barba;},
  publisher = {Figshare},
  title = {{Lift and drag coefficient versus angle of attack for a flying snake cross-section}},
  year = {2013},
}
